<record><leader>00000cas a22000007a 4500</leader><controlfield tag="001">34826761</controlfield><controlfield tag="008">960530d19uu1981ncuwr ne      0    0eng d</controlfield><datafield ind1=" " ind2=" " tag="010"><subfield code="a">sn 95072349 </subfield></datafield><datafield ind1=" " ind2=" " tag="040"><subfield code="a">NVJ</subfield><subfield code="b">eng</subfield><subfield code="c">NVJ</subfield><subfield code="d">OCLCQ</subfield><subfield code="d">OCLCF</subfield><subfield code="d">OCLCO</subfield></datafield><datafield ind1="1" ind2=" " tag="029"><subfield code="a">AU@</subfield><subfield code="b">000012499684</subfield></datafield><datafield ind1=" " ind2=" " tag="042"><subfield code="a">msc</subfield></datafield><datafield ind1=" " ind2=" " tag="043"><subfield code="a">n-us-nc</subfield></datafield><datafield ind1="0" ind2=" " tag="130"><subfield code="a">Tri-county news (Spruce Pine and Burnsville, N.C.)</subfield></datafield><datafield ind1="1" ind2="4" tag="245"><subfield code="a">The tri-county news.</subfield></datafield><datafield ind1=" " ind2=" " tag="260"><subfield code="a">Spruce Pine &amp; Burnsville, N.C. :</subfield><subfield code="b">Tri-County Pub. Co.</subfield></datafield><datafield ind1=" " ind2=" " tag="300"><subfield code="a">v.</subfield></datafield><datafield ind1=" " ind2=" " tag="310"><subfield code="a">Weekly</subfield></datafield><datafield ind1="0" ind2=" " tag="362"><subfield code="a">-33 [sic] year, no. 52 (Apr. 13, 1961); v. 34, no. 1 (Apr. 20, 1961)-v. 54, no. 25 (Oct. 29, 1981).</subfield></datafield><datafield ind1=" " ind2=" " tag="515"><subfield code="a">Issues from &lt;June 3, 1943-&gt; called 16th year, no. 9-</subfield></datafield><datafield ind1=" " ind2=" " tag="588"><subfield code="a">Description based on: Vol. 38, no. 3 (Apr. 22, 1940).</subfield></datafield><datafield ind1=" " ind2="0" tag="651"><subfield code="a">Mitchell County (N.C.)</subfield><subfield code="v">Newspapers.</subfield></datafield><datafield ind1=" " ind2="0" tag="651"><subfield code="a">Yancey County (N.C.)</subfield><subfield code="v">Newspapers.</subfield></datafield><datafield ind1=" " ind2="0" tag="651"><subfield code="a">Avery County (N.C.)</subfield><subfield code="v">Newspapers.</subfield></datafield><datafield ind1=" " ind2="7" tag="655"><subfield code="a">Newspapers.</subfield><subfield code="2">fast</subfield><subfield code="0">(OCoLC)fst01423814</subfield></datafield><datafield ind1=" " ind2="7" tag="651"><subfield code="a">North Carolina</subfield><subfield code="z">Avery County.</subfield><subfield code="2">fast</subfield><subfield code="0">(OCoLC)fst01218119</subfield></datafield><datafield ind1=" " ind2="7" tag="651"><subfield code="a">North Carolina</subfield><subfield code="z">Mitchell County.</subfield><subfield code="2">fast</subfield><subfield code="0">(OCoLC)fst01221208</subfield></datafield><datafield ind1=" " ind2="7" tag="651"><subfield code="a">North Carolina</subfield><subfield code="z">Yancey County.</subfield><subfield code="2">fast</subfield><subfield code="0">(OCoLC)fst01220364</subfield></datafield><datafield ind1=" " ind2=" " tag="752"><subfield code="a">United States</subfield><subfield code="b">North Carolina</subfield><subfield code="c">Mitchell</subfield><subfield code="d">Spruce Pine.</subfield></datafield><datafield ind1=" " ind2=" " tag="752"><subfield code="a">United States</subfield><subfield code="b">North Carolina</subfield><subfield code="c">Yancey</subfield><subfield code="d">Burnsville.</subfield></datafield><datafield ind1=" " ind2=" " tag="752"><subfield code="a">United States</subfield><subfield code="b">North Carolina</subfield><subfield code="c">Avery</subfield><subfield code="d">Newland.</subfield></datafield><datafield ind1="0" ind2="4" tag="780"><subfield code="t">Burnsville eagle</subfield><subfield code="w">(DLC)sn 94058273</subfield></datafield><datafield ind1="0" ind2="4" tag="780"><subfield code="t">Spruce Pine news</subfield><subfield code="w">(DLC)sn 95072332</subfield></datafield><datafield ind1="0" ind2="7" tag="785"><subfield code="t">Mitchell journal</subfield><subfield code="w">(DLC)sn 95072348</subfield></datafield><datafield ind1="0" ind2="7" tag="785"><subfield code="t">Tri-county news-Mitchell journal</subfield><subfield code="w">(DLC)sn 95072350</subfield></datafield></record>